/Volumes/Workspace/masters/thesis/bibliography.bib