% Bibliography
% TODO Add the list of references for your paper

@article{schneier2014future,
  title={The Future of Incident Response},
  author={Schneier, Bruce},
  journal={Security \& Privacy, IEEE},
  volume={12},
  number={5},
  pages={96--96},
  year={2014},
  publisher={IEEE}
}

